<?xml version="1.0" encoding="UTF-8"?><collection xmlns="http://www.loc.gov/MARC21/slim"><record><leader>00364nam--2200133-i-4500</leader><controlfield tag="001">000042823</controlfield><controlfield tag="002">20161230</controlfield><controlfield tag="005">20161230201043</controlfield><controlfield tag="008">060222s1000------------r-----000-0-eng-d</controlfield><datafield ind1=" " ind2=" " tag="100"><subfield code="a">Prettre, Marcel</subfield></datafield><datafield ind1=" " ind2=" " tag="245"><subfield code="a">Catalyse et catalyseurs</subfield></datafield><datafield ind1=" " ind2=" " tag="260"><subfield code="a">Paris, Press Univ.De France, 1950, 126p</subfield></datafield><datafield ind1=" " ind2=" " tag="490"><subfield code="a">Que Sais-je? Le Point Des Connaissances Actuelles</subfield></datafield><datafield ind1=" " ind2=" " tag="852"><subfield code="a">3614</subfield></datafield></record></collection>